@ARTICLE{Lampson:Protection,
 author = {Lampson, Butler W.},
 title = {Protection},
 journal = {SIGOPS Operating Systems Review},
 volume = {8},
 number = {1},
 month = jan,
 year = {1974},
 issn = {0163-5980},
 pages = {18--24},
 doi = {10.1145/775265.775268},
 publisher = {ACM},
 address = {New York, NY, USA},
 numpages = {7},
 url = {http://doi.acm.org/10.1145/775265.775268},
 issue_date = {January 1974},
 acmid = {775268},
}

@inproceedings{ShapiroWeber2000,
 author = {Jonathan S. Shapiro and Sam Weber},
 title = {Verifying the {EROS} Confinement Mechanism},
 booktitle = {SP '00: Proceedings of the 2000 IEEE Symposium on Security and Privacy},
 year = {2000},
 isbn = {0-7695-0665-8},
 pages = {166},
 publisher = {IEEE Computer Society},
 address = {Washington, DC, USA},
 }
@techreport{ShapiroWeber1997TR,
 author = {Jonathan S. Shapiro and Sam Weber},
 title = {Verifying Operating System Security},
 institution = {Department of Information and Computer Science, University of Pennsylvania},
 number = {MS-CIS-97-26},
 year = {1997},
 address = {Washington, DC, USA},
 url ={http://eros-os.org/papers/MS-CIS-97-26.pdf},
}
@inproceedings{EROS,
 author = {Jonathan S. Shapiro and Jonathan M. Smith and David J. Farber},
 title = {{EROS}: a fast capability system},
 booktitle = {SOSP '99: Proceedings of the seventeenth ACM symposium on Operating systems principles},
 year = {1999},
 isbn = {1-58113-140-2},
 pages = {170--185},
 location = {Charleston, South Carolina, United States},
 doi = {http://doi.acm.org/10.1145/319151.319163},
 publisher = {ACM},
 address = {New York, NY, USA},
 }


@article{Hardy:KeyKOS,
 author = {Norman Hardy},
 title = {{KeyKOS} architecture},
 journal = {SIGOPS Operating Systems Review},
 volume = {19},
 number = {4},
 year = {1985},
 issn = {0163-5980},
 pages = {8--25},
 doi = {http://doi.acm.org/10.1145/858336.858337},
 publisher = {ACM},
 address = {New York, NY, USA},
}

@techreport{KeySafe,
 author = {S. A. Rajunas},
 title = {The {KeyKOS}/{KeySAFE} system design},
 institution = {Key Logic, Inc.},
 number = {SEC009-01},
 year = {1989},
 month = mar,
 url ={http://www.cis.upenn.edu/~KeyKOS/agorics/KeyKos/keysafe/Keysafe.html},
}

@COMMENT de jure and de facto paper
@inproceedings{BishopSnyder:Protection,
 author = {Matt Bishop and Lawrence Snyder},
 title = {The transfer of information and authority in a protection system},
 booktitle = {SOSP '79: Proceedings of the seventh ACM symposium on Operating systems principles},
 year = {1979},
 isbn = {0-89791-009-5},
 pages = {45--54},
 location = {Pacific Grove, California, United States},
 doi = {http://doi.acm.org/10.1145/800215.806569},
 publisher = {ACM},
 address = {New York, NY, USA},
 }
@book{ACL2:Forest,
 author = {Matt Kaufmann and J. Strother Moore and Panagiotis Manolios},
 title = {Computer-Aided Reasoning: An Approach},
 year = {2000},
 isbn = {0792377443},
 publisher = {Kluwer Academic Publishers},
 address = {Norwell, MA, USA},
 }
@inproceedings{seL4:Verified,
 author = {Dhammika Elkaduwe and Gerwin Klein and Kevin Elphinstone},
 title = {Verified Protection Model of the {seL4} Microkernel},
 booktitle = {VSTTE '08: Proceedings of the 2nd international conference on Verified Software: Theories, Tools, Experiments},
 year = {2008},
 isbn = {978-3-540-87872-8},
 pages = {99--114},
 location = {Toronto, Canada},
 doi = {http://dx.doi.org/10.1007/978-3-540-87873-5_11},
 publisher = {Springer-Verlag},
 address = {Berlin, Heidelberg},
 }
@article{Lampson:ConfinementNote,
 author = {Butler W. Lampson},
 title = {A note on the confinement problem},
 journal = {Communications of the ACM},
 volume = {16},
 number = {10},
 year = {1973},
 issn = {0001-0782},
 pages = {613--615},
 doi = {10.1145/362375.362389},
 publisher = {ACM},
 address = {New York, NY, USA},
 }
@MISC{Coyotos,
 author = {Shapiro, Jonathan S. and Jonathan W. Adams},
 title = {Coyotos Microkernel Specification},
 url = {http://www.coyotos.org/docs/ukernel/spec.html},
 year = {2008},
 month = sep,
}
@inproceedings{Wallach,
    author = {Dan S. Wallach and Dirk Balfanz and Drew Dean and Edward W. Felten},
    title = {Extensible Security Architectures for Java},
    booktitle = {In Proceedings of the 16th ACM Symposium on Operating Systems Principles},
    year = {1997},
    pages = {116--128},
}
@inproceedings{Boebert:Unmodified,
author = {W. E. Boebert},
title = {On the Inability of An Unmodified Capability Machine to Enforce the *-Property},
booktitle = {Proceedings of the 7th DoD/NBS Computer Security Conference},
year = {1984},
}
@PhdThesis{RobustComposition,
    author  = {Mark Samuel Miller},
    title   = {Robust Composition: Towards a Unified Approach to Access Control and Concurrency Control},
    year    = {2006},
    month   = may,
    school  = {Johns Hopkins University},
    address = {Baltimore, Maryland, USA},
}
@misc{Java,
    author = {Technical Advisor and Ken Arnold and Tim Lindholm and Frank Yellin and Frank Yellin and The Java Team and Mary Campione and Kathy Walrath and Patrick Chan and Rosanna Lee and Jonni Kanerva and James Gosling and James Gosling and James Gosling and James Gosling and Bill Joy and Bill Joy and Bill Joy and Guy Steele and Guy Steele and Gilad Bracha and Gilad Bracha},
    title = {The Java Language Specification Second Edition},
    year = {2000}
}
@manual{dotNet,
    title = {Common Language Infrastructure (CLI)},
    year = {2006},
    month = jun,
    organization = {ECMA},
    key = {ECMA-335},
}
@article{HRU1976,
 author = {Harrison, Michael A. and Ruzzo, Walter L. and Ullman, Jeffrey D.},
 title = {Protection in operating systems},
 journal = {Communications of the ACM},
 issue_date = {August 1976},
 volume = {19},
 number = {8},
 month = aug,
 year = {1976},
 issn = {0001-0782},
 pages = {461--471},
 numpages = {11},
 url = {http://doi.acm.org/10.1145/360303.360333},
 doi = {10.1145/360303.360333},
 acmid = {360333},
 publisher = {ACM},
 address = {New York, NY, USA},
 keywords = {Turing machine, decidability, operating system, protection, protection system},
} 
@misc{TCSEC1985,
    author = {An Unknown and Dod -std and Donald C. Latham},
    title = {Department Of Defense Standard Department Of Defense Trusted Computer System Evaluation Criteria},
    year = {1985},
}

@techreport{BellLaPadula,
 author = {D. Elliott Bell and Leonard J. LaPadula},
 title = {Secure Computer Systems: Mathematical Foundations},
 institution = {MITRE},
 number = {2547},
 year = {1973},
 month = mar,
}

@INPROCEEDINGS{Provos:PrivSep,
    author = {Niels Provos},
    title = {Preventing Privilege Escalation},
    booktitle = {In Proceedings of the 12th USENIX Security Symposium},
    year = {2003},
    pages = {231--242}
}

@ARTICLE{Kain87onaccess,
    author = {Richard Y. Kain and Carl E. Landwehr},
    title = {On Access Checking in Capability-Based Systems},
    journal = {IEEE Transactions on Software Engineering},
    year = {1987},
    volume = {13},
    pages = {202--207},
}

@INPROCEEDINGS{Feiertag79psos,
    author = {Richard J. Feiertag and Peter G. Neumann},
    title = {The foundations of a provably secure operating system ({PSOS})},
    booktitle = {In Proceedings of the National Computer Conference},
    year = {1979},
    pages = {329--334},
    publisher = {AFIPS Press}
}

@MISC{Hardy:KeyKOS:Factory:Patent,
    author={Hardy, Norman},
    title={Computer Security System},
    howpublished={United States Patent number 4,584,639},
    language={English},
    nationality={United States},
    number={4,584,639},
    day={22},
    month=apr,
    year={1986},
    url={http://www.cis.upenn.edu/~KeyKOS/Patent/Patent.html},
}

@MISC{Chander01astate-transition,
    author = {Ajay Chander and Drew Dean and John C. Mitchell},
    title = {A State-Transition Model of Trust Management and Access Control},
    year = {2001},
}

@article{Fabry:1974,
 author = {Fabry, R. S.},
 title = {Capability-based Addressing},
 journal = {Communications of the ACM},
 issue_date = {July 1974},
 volume = {17},
 number = {7},
 month = jul,
 year = {1974},
 issn = {0001-0782},
 pages = {403--412},
 numpages = {10},
 url = {http://doi.acm.org/10.1145/361011.361070},
 doi = {10.1145/361011.361070},
 acmid = {361070},
 publisher = {ACM},
 address = {New York, NY, USA},
 keywords = {addressing, addressing hardware, capabilities, computer utility, information sharing, operating systems, protection, protection hardware, segmentation, shared addresses, tagged architecture},
} 

@book{bertot-casteran-04,
    author = {Bertot, Yves and Cast{\'{e}}ran, Pierre},
    day = {14},
    howpublished = {Hardcover},
    isbn = {3540208542},
    month = may,
    publisher = {Springer-Verlag},
    series = {Texts in Theoretical Computer Science},
    title = {Interactive Theorem Proving and Program Development. {Coq'Art}: The Calculus of Inductive Constructions},
    url = {http://www.springer.com/us/book/9783540208549},
    year = {2004},
}

@TECHREPORT{Halevi05enforcingconfinement,
    author = {Shai Halevi and Paul A. Karger and Dalit Naor},
    title = {Enforcing Confinement in Distributed Storage and a Cryptographic Model for Access Control},
    institution = {Complete Characterization of Adversaries Tolerable in General Multiparty Computation. PODC â€™97},
    year = {2005},
}
@article{Liedtke:1996:GPT,
 author = {Liedtke, Jochen and Elphinstone, Kevin},
 title = {Guarded Page Tables on {MIPS} {R4600} or an Exercise in Architecture-dependent Micro Optimization},
 journal = {SIGOPS Operating Systems Review},
 issue_date = {January 1996},
 volume = {30},
 number = {1},
 month = jan,
 year = {1996},
 issn = {0163-5980},
 pages = {4--15},
 numpages = {12},
 url = {http://doi.acm.org/10.1145/218646.218647},
 doi = {10.1145/218646.218647},
 acmid = {218647},
 publisher = {ACM},
 address = {New York, NY, USA},
} 

@COMMENT PowerBox
@techreport{WagnerTribble:DarpaBrowser,
author = {David Wagner and E. Dean Tribble},
title = {A Security Analysis of the Combex DarpaBrowser Architecture},
month = mar,
year = {2002},
url ={www.combex.com/papers/darpa-review/},
}

@COMMENT PowerBox
@techreport{StieglerMiller:DarpaBrowser,
 author = {Marc Stiegler and Mark S. Miller},
 title = {A Capability Based Client: The {DarpaBrowser}.},
 month = jun,
 year = {2002},
 institution = {Combex Inc.},
 number = {Technical Report Focused Research Topic 5 / BAA-00-06-SNK},
 url ={http://www.combex.com/papers/darpa-report/index.html},
}

@PhdThesis{GutmannThesis,
    author  = {Peter Gutmann},
    title   = {The Design and Verification of a Cryptographic Security Architecture},
    year    = {2000},
    school  = {The University of Auckland},
    address = {Auckland, New Zealand},
}

@article{Klein_AEMSKH_14,
    doi              = {10.1145/2560537},
    journal          = {ACM Transactions on Computer Systems},
    author           = {Klein, Gerwin and Andronick, June and Elphinstone, Kevin and Murray, Toby and Sewell, Thomas and
                        Kolanski, Rafal and Heiser, Gernot},
    number           = {1},
    month            = feb,
    volume           = {32},
    year             = {2014},
    keywords         = {sel4, isabelle/hol, verification, microkernel},
    title            = {Comprehensive Formal Verification of an {OS} Microkernel},
    pages            = {2:1-2:70},
}

@article{Yang:2010:SLI,
 author = {Yang, Jean and Hawblitzel, Chris},
 title = {Safe to the Last Instruction: Automated Verification of a Type-safe Operating System},
 journal = {SIGPLAN Not.},
 issue_date = {June 2010},
 volume = {45},
 number = {6},
 month = jun,
 year = {2010},
 issn = {0362-1340},
 pages = {99--110},
 numpages = {12},
 url = {http://doi.acm.org/10.1145/1809028.1806610},
 doi = {10.1145/1809028.1806610},
 acmid = {1806610},
 publisher = {ACM},
 address = {New York, NY, USA},
 keywords = {operating system, run-time system, type safety, verification},
}

@inproceedings{Elphinstone:formalisingukernel,
    series           = {Microsoft Research Technical Report MSR-TR-2006-117},
    author           = {Kevin Elphinstone and Gerwin Klein and Rafal Kolanski},
    month            = aug,
    editor           = {Rustan Leino},
    year             = {2006},
    title            = {Formalising a High-Performance Microkernel},
    booktitle        = {Workshop on Verified Software: Theories, Tools, and Experiments ({VSTTE} 06)},
    pages            = {1-7},
    address          = {Seattle, USA},
  }


@INPROCEEDINGS{Karger90avmm,
    author = {Paul A. Karger and Mary Ellen Zurko and Douglas W. Benin and Andrew H. Mason and Clifford E. Kahn},
    title = {A {VMM} Security Kernel for the {VAX} Architecture},
    booktitle = {In Proceedings 1990 IEEE Symposium on Research in Security and Privacy},
    year = {1990},
    pages = {2--19},
    publisher = {IEEE Computer Society Press},
}

@INPROCEEDINGS{Efstathopoulos05labelsand,
    author = {Petros Efstathopoulos and Maxwell Krohn and Steve Vandebogart and Cliff Frey and David Ziegler and Eddie Kohler and David MaziÃ¨res and Frans Kaashoek and Robert Morris},
    title = {Labels and event processes in the asbestos operating system},
    booktitle = {In Proc. 20th ACM Symposium on Operating System Principles (SOSP},
    year = {2005},
    pages = {17--30},
}

@INPROCEEDINGS{Miller03paradigmregained,
    author = {Mark S. Miller and Jonathan S. Shapiro},
    title = {Paradigm Regained: Abstraction Mechanisms for Access Control},
    booktitle = {In 8th Asian Computing Science Conference (ASIAN03)},
    year = {2003},
    pages = {224--242},
}

@techreport{PSOS:TR,
 author = {P. G. Neumann and R. S. Boyer and R. J. Feiertag and K. N. Levitt and L. Robinson},
 title = {A Provably Secure Operating System: The System, Its Applications, and Proofs.},
 institution = {SRI International},
 number = {Computer Science Laboratory Technical Report, CSL-116, 2nd ed.},
 year = {1980},
 month = may
}

@inproceedings{cade92-pvs,
    AUTHOR = {{S.} Owre and {J.} {M.} Rushby and {N.} Shankar},
    TITLE = {{PVS:} {A} Prototype Verification System},
    BOOKTITLE = {11th International Conference on Automated Deduction (CADE)},
    YEAR = {1992},
    EDITOR = {Deepak Kapur},
    SERIES = {Lecture Notes in Artificial Intelligence},
    VOLUME = {607},
    PAGES = {748--752},
    ADDRESS = {Saratoga, {NY}},
    MONTH = jun,
    PUBLISHER = {Springer-Verlag},
    URL = {http://www.csl.sri.com/papers/cade92-pvs/},
}

@PhdThesis{Spiessens07patternsof,
    author = {Alfred Spiessens},
    title = {Patterns of Safe Collaboration},
    school = {Universit\'{e} catholique de Louvain},
    year = {2007},
    address = {Louvain-la-Neuve, Belgium},
}

@TechReport{Jaradin05scoll,
    author = {Yves Jaradin and Fred Spiessens and Peter Van Roy},
    title = { {SCOLL} -- A Language for Safe Capability Based Collaboration},
    year = {2005},
    institution = {Universit\`{e} catholique de Louvain},
}


@article{Boyton_ssv2009,
 author = {Boyton, Andrew},
 title = {A Verified Shared Capability Model},
 journal = {Electronic Notes in Theoretical Computer Science (ENTCS)},
 issue_date = {October, 2009},
 volume = {254},
 month = oct,
 year = {2009},
 issn = {1571-0661},
 pages = {25--44},
 numpages = {20},
 url = {http://dx.doi.org/10.1016/j.entcs.2009.09.058},
 doi = {10.1016/j.entcs.2009.09.058},
 acmid = {1630456},
 publisher = {Elsevier Science Publishers B. V.},
 address = {Amsterdam, The Netherlands, The Netherlands},
 keywords = {Interactive Theorem Proving, Shared Capabilities},
} 

@PhdThesis{Elkaduwe:Thesis,
author = {Dhammika Elkaduwe},
year = {2010},
title = {A Principled Approach To Kernel Memory Management},
school = {University of New South Wales},
address = {Sydney, New South Wales, Australia}

}

@article{Liedtke:1996:TRM,
 author = {Liedtke, Jochen},
 title = {Toward Real Microkernels},
 journal = {Communications of the ACM},
 issue_date = {Sept. 1996},
 volume = {39},
 number = {9},
 month = sep,
 year = {1996},
 issn = {0001-0782},
 pages = {70--77},
 numpages = {8},
 url = {http://doi.acm.org/10.1145/234215.234473},
 doi = {10.1145/234215.234473},
 acmid = {234473},
 publisher = {ACM},
 address = {New York, NY, USA},
}

@incollection{Klein:l4.verified,
year={2010},
isbn={978-3-642-15056-2},
booktitle={Verified Software: Theories, Tools, Experiments},
volume={6217},
series={Lecture Notes in Computer Science},
editor={Leavens, GaryT. and O'Hearn, Peter and Rajamani, SriramK.},
doi={10.1007/978-3-642-15057-9_6},
title={The L4.verified Project - Next Steps},
url={http://dx.doi.org/10.1007/978-3-642-15057-9_6},
publisher={Springer Berlin Heidelberg},
author={Klein, Gerwin},
pages={86-96},
language={English}
}


@MISC{seL4:manual:1_3,
author = {Trustworthy Systems Team, NICTA},
title = {{seL4} Reference Manual {API} version 1.3},
year = {2014},
month = jul,
day={25}
}

@article{Fenton:MemorylessSubsystems ,
    author = {Fenton, J. S.},
    day = {1},
    doi = {10.1093/comjnl/17.2.143},
    journal = {The Computer Journal},
    keywords = {architecture, computer-science, hardware, have-paper-copy, interesting-rating--3, not-related-to-engd, security},
    month = feb,
    number = {2},
    pages = {143--147},
    title = {Memoryless Subsystems},
    url = {http://dx.doi.org/10.1093/comjnl/17.2.143},
    volume = {17},
    year = {1974}
}

@INPROCEEDINGS{Bomberger_thekeykos,
 author = {Bomberger, Allen C. and Frantz, William S. and Hardy, Ann C. and Hardy, Norman and Landau, Charles R. and Shapiro, Jonathan S.},
 title = {The {KeyKOS} Nanokernel Architecture},
 booktitle = {Proceedings of the Workshop on Micro-kernels and Other Kernel Architectures},
 year = {1992},
 isbn = {1-880446-42-1},
 pages = {95--112},
 numpages = {18},
 url = {http://dl.acm.org/citation.cfm?id=646405.692230},
 acmid = {692230},
 publisher = {USENIX Association},
 address = {Berkeley, CA, USA},
} 

@article{DennisVanHorn:Capabilities,
 author = {Dennis, Jack B. and Van Horn, Earl C.},
 title = {Programming Semantics for Multiprogrammed Computations},
 journal = {Communications of the ACM},
 issue_date = {March 1966},
 volume = {9},
 number = {3},
 month = mar,
 year = {1966},
 issn = {0001-0782},
 pages = {143--155},
 numpages = {13},
 url = {http://doi.acm.org/10.1145/365230.365252},
 doi = {10.1145/365230.365252},
 acmid = {365252},
 publisher = {ACM},
 address = {New York, NY, USA},
}

@inproceedings{Ackerman:1967:IMC,
 author = {Ackerman, William B. and Plummer, William W.},
 title = {An Implementation of a Multiprocessing Computer System},
 booktitle = {Proceedings of the First {ACM} Symposium on Operating System Principles},
 series = {SOSP '67},
 year = {1967},
 pages = {5.1--5.10},
 numpages = {1},
 url = {http://doi.acm.org/10.1145/800001.811666},
 doi = {10.1145/800001.811666},
 acmid = {811666},
 publisher = {ACM},
 address = {New York, NY, USA},
}

@COMMENT original take-grant paper
@article{LiptonSnyder:LinearSecurity,
 author = {Lipton, R. J. and Snyder, L.},
 title = {A Linear Time Algorithm for Deciding Subject Security},
 journal = {Journal of the ACM (JACM)},
 issue_date = {July 1977},
 volume = {24},
 number = {3},
 month = jul,
 year = {1977},
 issn = {0004-5411},
 pages = {455--464},
 numpages = {10},
 url = {http://doi.acm.org/10.1145/322017.322025},
 doi = {10.1145/322017.322025},
 acmid = {322025},
 publisher = {ACM},
 address = {New York, NY, USA},
}

@COMMENT cap systems summary
@book{Levy:1984:CCS,
author = {Levy, Henry M.},
title = {Capability-Based Computer Systems},
year = {1984},
isbn = {0932376223},
publisher = {Butterworth-Heinemann},
address = {Newton, MA, USA},
url = {https://homes.cs.washington.edu/~levy/capabook/},
}


@article{Snyder:1977:SAP,
 author = {Snyder, Lawrence},
 title = {On the Synthesis and Analysis of Protection Systems},
 journal = {SIGOPS Operating Systems Review},
 issue_date = {November 1977},
 volume = {11},
 number = {5},
 month = nov,
 year = {1977},
 issn = {0163-5980},
 pages = {141--150},
 numpages = {10},
 url = {http://doi.acm.org/10.1145/1067625.806557},
 doi = {10.1145/1067625.806557},
 acmid = {806557},
 publisher = {ACM},
 address = {New York, NY, USA},
} 


@TECHREPORT{Shapiro97eros,
    author = {J. S. Shapiro and J. M. Smith and D. J. Farber},
    title = {{EROS}: A Capability System},
    institution = {University of Pennsylvania},
    year = {1997}
} 


@MISC{Shapiro03thepractical,
    author = {Jonathan S. Shapiro},
    title = {The Practical Application of a Decidable Access Model},
    year = {2003}
}
@inproceedings{watson2015cheri,
  title = {Cheri: A hybrid capability-system architecture for scalable software compartmentalization},
  author = {Watson, Robert N. M. and Woodruff, Jonathan and Neumann, Peter G and Moore, Simon W. and Anderson, Jonathan and Chisnall, David and Dave, Nirav and Davis, Brooks and Gudka, Khilan and Laurie, Ben and others},
  booktitle = {Proceedings of the IEEE Symposium on Security and Privacy},
  year = {2015},
  pdf = {papers/201505-oakland2015-cheri-compartmentalization.pdf}
}
@inproceedings{Jim:2002:CSD,
 author = {Jim, Trevor and Morrisett, J. Greg and Grossman, Dan and Hicks, Michael W. and Cheney, James and Wang, Yanling},
 title = {Cyclone: A Safe Dialect of {C}},
 booktitle = {Proceedings of the General Track of the Annual Conference on USENIX Annual Technical Conference},
 series = {ATEC '02},
 year = {2002},
 isbn = {1-880446-00-6},
 pages = {275--288},
 numpages = {14},
 url = {http://dl.acm.org/citation.cfm?id=647057.713871},
 acmid = {713871},
 publisher = {USENIX Association},
 address = {Berkeley, CA, USA},
}
@manual{iax432:refman,
title={{iAPX} 432 General Data Processor Architecture Reference Manual},
organization={Intel Corporation},
address={Santa Clara, CA},
edition={fourth},
year={1983},
}
@manual{BiiN:refman,
title={BiiN {CPU} Architecture Reference Manual},
organization={BiiN},
address={Hillsboro, OR},
edition={preliminary},
year={1988}
}
@misc{caja,
title={Google {Caja}: A compiler for making third-party {HTML}, {CSS} and {JavaScript} safe for embedding},
organization={Google Inc.},
howpublished={Online, \url{https://developers.google.com/caja/}},
url={https://developers.google.com/caja/}
}
@book{Nipkow:2002:IPA,
 author = {Nipkow, Tobias and Wenzel, Markus and Paulson, Lawrence C.},
 title = {Isabelle/{HOL}: A Proof Assistant for Higher-order Logic},
 year = {2002},
 isbn = {3-540-43376-7},
 publisher = {Springer-Verlag},
 address = {Berlin, Heidelberg},
}
@incollection{CoqFSet,
year={2004},
isbn={978-3-540-21313-0},
booktitle={Programming Languages and Systems},
volume={2986},
series={Lecture Notes in Computer Science},
editor={Schmidt, David},
doi={10.1007/978-3-540-24725-8_26},
title={Functors for Proofs and Programs},
url={http://dx.doi.org/10.1007/978-3-540-24725-8_26},
publisher={Springer Berlin Heidelberg},
author={Filli\^{A}tre, Jean-Christophe and Letouzey, Pierre},
pages={370-384},
language={English}
}
@MISC{shapiro2008bitc,
  title={{BitC} 0.10 Language Specification},
  author={Shapiro, Jonathan and Scott Doerrie and Swaroop Sridhar},
  year={2008}
}
@ARTICLE{Rees96asecurity,
    author = {Jonathan A. Rees},
    title = {A Security Kernel Based on the Lambda-Calculus},
    journal = {A.I. MEMO 1564, MIT},
    year = {1996},
    volume = {1564}
}
@manual{IBM:System38:FunctionalRefMan,
organization={IBM},
title={{IBM} {System/38} Functoinal Reference Manual},
year={1981},
month=feb,
edition={Second},
address={Rochester, MN, USA}
}

@BOOK{soltis1996inside,
  title={Inside the {AS/400}},
  author={Soltis, F.G.},
  isbn={9781882419135},
  lccn={95033232},
  year={1996},
  publisher={Duke Communications International}
}